<?xml version="1.0" encoding="UTF-8"?>
<record>
  <leader>02425nam#a2200661#cb4500</leader>
  <controlfield tag="005">20220330141100.0</controlfield>
  <controlfield tag="007">tu</controlfield>
  <controlfield tag="008">170221|2018####gw############|||#|#ger#c</controlfield>
  <controlfield tag="003">DE-605</controlfield>
  <controlfield tag="001">990217478660206441</controlfield>
  <datafield tag="015" ind1=" " ind2=" ">
    <subfield code="a">16,N49</subfield>
    <subfield code="2">dnb</subfield>
  </datafield>
  <datafield tag="016" ind1="7" ind2=" ">
    <subfield code="a">1018466944</subfield>
    <subfield code="2">OCoLC</subfield>
  </datafield>
  <datafield tag="016" ind1="7" ind2=" ">
    <subfield code="a">1120515173</subfield>
    <subfield code="2">DE-101b</subfield>
  </datafield>
  <datafield tag="020" ind1=" " ind2=" ">
    <subfield code="a">9783837636543</subfield>
    <subfield code="c">Kt : circa EUR 34.99 (DE), circa EUR 36.00 (AT), circa CHF 42.70 (freier Preis)</subfield>
    <subfield code="9">978-3-8376-3654-3</subfield>
  </datafield>
  <datafield tag="020" ind1=" " ind2=" ">
    <subfield code="a">3837636542</subfield>
    <subfield code="9">3-8376-3654-2</subfield>
  </datafield>
  <datafield tag="024" ind1="3" ind2=" ">
    <subfield code="a">9783837636543</subfield>
  </datafield>
  <datafield tag="035" ind1=" " ind2=" ">
    <subfield code="a">(DE-605)HT019246898</subfield>
  </datafield>
  <datafield tag="040" ind1=" " ind2=" ">
    <subfield code="a">467</subfield>
    <subfield code="b">ger</subfield>
    <subfield code="c">DNB</subfield>
    <subfield code="d">708</subfield>
    <subfield code="e">rda</subfield>
    <subfield code="d">DE-605</subfield>
  </datafield>
  <datafield tag="041" ind1=" " ind2=" ">
    <subfield code="a">ger</subfield>
  </datafield>
  <datafield tag="044" ind1=" " ind2=" ">
    <subfield code="c">XA-DE-NW</subfield>
  </datafield>
  <datafield tag="084" ind1=" " ind2=" ">
    <subfield code="a">720</subfield>
    <subfield code="q">DE-101</subfield>
    <subfield code="2">sdnb</subfield>
  </datafield>
  <datafield tag="245" ind1="0" ind2="0">
    <subfield code="a">Architektur wahrnehmen</subfield>
    <subfield code="c">Alexandra Abel, Bernd Rudolf (Hg.)</subfield>
  </datafield>
  <datafield tag="264" ind1=" " ind2="1">
    <subfield code="a">Bielefeld</subfield>
    <subfield code="b">transcript</subfield>
    <subfield code="c">[2018]</subfield>
  </datafield>
  <datafield tag="264" ind1=" " ind2="4">
    <subfield code="c">© 2018</subfield>
  </datafield>
  <datafield tag="300" ind1=" " ind2=" ">
    <subfield code="a">395 Seiten</subfield>
    <subfield code="b">Illustrationen</subfield>
  </datafield>
  <datafield tag="336" ind1=" " ind2=" ">
    <subfield code="b">txt</subfield>
  </datafield>
  <datafield tag="337" ind1=" " ind2=" ">
    <subfield code="b">n</subfield>
  </datafield>
  <datafield tag="338" ind1=" " ind2=" ">
    <subfield code="b">nc</subfield>
  </datafield>
  <datafield tag="490" ind1="1" ind2=" ">
    <subfield code="a">Architekturen</subfield>
    <subfield code="v">Band 38</subfield>
  </datafield>
  <datafield tag="689" ind1="0" ind2="0">
    <subfield code="a">Architektur</subfield>
    <subfield code="D">s</subfield>
    <subfield code="0">(DE-588)4002851-3</subfield>
  </datafield>
  <datafield tag="689" ind1="0" ind2="1">
    <subfield code="a">Wahrnehmung</subfield>
    <subfield code="D">s</subfield>
    <subfield code="0">(DE-588)4064317-7</subfield>
  </datafield>
  <datafield tag="689" ind1="0" ind2="2">
    <subfield code="a">Architekturtheorie</subfield>
    <subfield code="D">s</subfield>
    <subfield code="0">(DE-588)4112587-3</subfield>
  </datafield>
  <datafield tag="830" ind1=" " ind2="0">
    <subfield code="a">Architekturen</subfield>
    <subfield code="w">(DE-605)HT016567889</subfield>
    <subfield code="v">38</subfield>
    <subfield code="9">O:1</subfield>
  </datafield>
  <datafield tag="856" ind1="4" ind2="0">
    <subfield code="u">http://www.transcript-verlag.de/978-3-8376-3654-3</subfield>
    <subfield code="x">Verlag</subfield>
  </datafield>
  <datafield tag="856" ind1="4" ind2="2">
    <subfield code="m">B:DE-101</subfield>
    <subfield code="q">application/pdf</subfield>
    <subfield code="u">http://digitale-objekte.hbz-nrw.de/storage2/2018/03/01/file_46/7573226.pdf</subfield>
    <subfield code="3">Inhaltsverzeichnis</subfield>
    <subfield code="9">O:PKN</subfield>
  </datafield>
  <datafield tag="964" ind1="0" ind2="s">
    <subfield code="F">051</subfield>
    <subfield code="A">s|||||||</subfield>
  </datafield>
  <datafield tag="964" ind1="0" ind2="s">
    <subfield code="F">030</subfield>
    <subfield code="A">a||dr||||||37</subfield>
  </datafield>
  <datafield tag="964" ind1="0" ind2="s">
    <subfield code="F">050</subfield>
    <subfield code="A">a|a|||||||||||</subfield>
  </datafield>
  <datafield tag="035" ind1=" " ind2=" ">
    <subfield code="a">(ELiSA)ELiSA-9783839436547</subfield>
  </datafield>
  <datafield tag="035" ind1=" " ind2=" ">
    <subfield code="a">(OCoLC)1018466944</subfield>
  </datafield>
  <datafield tag="035" ind1=" " ind2=" ">
    <subfield code="a">(DE-599)DNB1120515173</subfield>
  </datafield>
  <datafield tag="700" ind1="1" ind2=" ">
    <subfield code="a">Abel, Alexandra</subfield>
    <subfield code="d">1969-</subfield>
    <subfield code="0">(DE-588)1069204668</subfield>
    <subfield code="4">edt</subfield>
    <subfield code="4">aut</subfield>
  </datafield>
  <datafield tag="700" ind1="1" ind2=" ">
    <subfield code="a">Rudolf, Bernd</subfield>
    <subfield code="0">(DE-588)1038489679</subfield>
    <subfield code="4">edt</subfield>
    <subfield code="4">aut</subfield>
  </datafield>
  <datafield tag="710" ind1="2" ind2=" ">
    <subfield code="a">Transcript GbR</subfield>
    <subfield code="0">(DE-588)1058035266</subfield>
    <subfield code="4">pbl</subfield>
  </datafield>
  <datafield tag="776" ind1="0" ind2="8">
    <subfield code="i">Erscheint auch als</subfield>
    <subfield code="n">Online-Ausgabe, PDF</subfield>
    <subfield code="t">Architektur wahrnehmen</subfield>
    <subfield code="z">9783839436547</subfield>
    <subfield code="w">(DE-605)HT019565502</subfield>
    <subfield code="9">978-3-8394-3654-7</subfield>
  </datafield>
  <datafield tag="653" ind1=" " ind2=" ">
    <subfield code="a">Aesthetics</subfield>
  </datafield>
  <datafield tag="653" ind1=" " ind2=" ">
    <subfield code="a">Architecture</subfield>
  </datafield>
  <datafield tag="653" ind1=" " ind2=" ">
    <subfield code="a">Designing</subfield>
  </datafield>
  <datafield tag="653" ind1=" " ind2=" ">
    <subfield code="a">Entwerfen</subfield>
  </datafield>
  <datafield tag="653" ind1=" " ind2=" ">
    <subfield code="a">Imparting</subfield>
  </datafield>
  <datafield tag="653" ind1=" " ind2=" ">
    <subfield code="a">Perception</subfield>
  </datafield>
  <datafield tag="653" ind1=" " ind2=" ">
    <subfield code="a">Psychologie</subfield>
  </datafield>
  <datafield tag="653" ind1=" " ind2=" ">
    <subfield code="a">Psychology</subfield>
  </datafield>
  <datafield tag="653" ind1=" " ind2=" ">
    <subfield code="a">Raumerlebnis</subfield>
  </datafield>
  <datafield tag="653" ind1=" " ind2=" ">
    <subfield code="a">Vermittlung</subfield>
  </datafield>
  <datafield tag="653" ind1=" " ind2=" ">
    <subfield code="a">Wahrnehmung</subfield>
  </datafield>
  <datafield tag="653" ind1=" " ind2=" ">
    <subfield code="a">Ästhetik</subfield>
  </datafield>
  <datafield tag="655" ind1=" " ind2="7">
    <subfield code="a">Aufsatzsammlung</subfield>
    <subfield code="0">(DE-588)4143413-4</subfield>
    <subfield code="2">gnd-content</subfield>
  </datafield>
  <datafield tag="500" ind1=" " ind2=" ">
    <subfield code="a">"Dies Buch versammelt Texte zum Thema Architekturwahrnehmung, die als Vorträge während einer Ringvorlesung an der Bauhaus-Universität Weimar gehalten wurden" - siehe Seite 9</subfield>
  </datafield>
  <datafield tag="MBD" ind1=" " ind2=" ">
    <subfield code="M">49HBZ_NETWORK</subfield>
    <subfield code="i">990217478660206441</subfield>
    <subfield code="n">HBZ Network</subfield>
  </datafield>
  <datafield tag="MBD" ind1=" " ind2=" ">
    <subfield code="M">49HBZ_WUP</subfield>
    <subfield code="i">990015137670206447</subfield>
    <subfield code="n">Bergische Universität Wuppertal</subfield>
  </datafield>
  <datafield tag="020" ind1=" " ind2=" ">
    <subfield code="a">9783837636543</subfield>
    <subfield code="c">Kt : circa EUR 34.99 (DE), circa EUR 36.00 (AT), circa CHF 42.70 (freier Preis)</subfield>
    <subfield code="9">978-3-8376-3654-3</subfield>
    <subfield code="M">49HBZ_WUP</subfield>
  </datafield>
  <datafield tag="020" ind1=" " ind2=" ">
    <subfield code="a">3837636542</subfield>
    <subfield code="9">3-8376-3654-2</subfield>
    <subfield code="M">49HBZ_WUP</subfield>
  </datafield>
  <datafield tag="776" ind1="0" ind2="8">
    <subfield code="i">Erscheint auch als</subfield>
    <subfield code="n">Online-Ausgabe, PDF</subfield>
    <subfield code="t">Architektur wahrnehmen</subfield>
    <subfield code="z">9783839436547</subfield>
    <subfield code="w">(DE-605)HT019565502</subfield>
    <subfield code="9">978-3-8394-3654-7</subfield>
    <subfield code="M">49HBZ_WUP</subfield>
  </datafield>
  <datafield tag="830" ind1=" " ind2="0">
    <subfield code="a">Architekturen</subfield>
    <subfield code="w">(DE-605)HT016567889</subfield>
    <subfield code="v">38</subfield>
    <subfield code="9">O:1</subfield>
    <subfield code="M">49HBZ_WUP</subfield>
  </datafield>
  <datafield tag="856" ind1="4" ind2="2">
    <subfield code="m">B:DE-101</subfield>
    <subfield code="q">application/pdf</subfield>
    <subfield code="u">http://digitale-objekte.hbz-nrw.de/storage2/2018/03/01/file_46/7573226.pdf</subfield>
    <subfield code="3">Inhaltsverzeichnis</subfield>
    <subfield code="9">O:PKN</subfield>
    <subfield code="M">49HBZ_WUP</subfield>
  </datafield>
  <datafield tag="983" ind1=" " ind2=" ">
    <subfield code="b">WTA</subfield>
    <subfield code="9">LOCAL</subfield>
    <subfield code="M">49HBZ_WUP</subfield>
  </datafield>
  <datafield tag="MBD" ind1=" " ind2=" ">
    <subfield code="M">49HBZ_FUH</subfield>
    <subfield code="i">990011162460106464</subfield>
    <subfield code="n">Fernuniversität Hagen</subfield>
  </datafield>
  <datafield tag="020" ind1=" " ind2=" ">
    <subfield code="a">9783837636543</subfield>
    <subfield code="c">Kt : circa EUR 34.99 (DE), circa EUR 36.00 (AT), circa CHF 42.70 (freier Preis)</subfield>
    <subfield code="9">978-3-8376-3654-3</subfield>
    <subfield code="M">49HBZ_FUH</subfield>
  </datafield>
  <datafield tag="020" ind1=" " ind2=" ">
    <subfield code="a">3837636542</subfield>
    <subfield code="9">3-8376-3654-2</subfield>
    <subfield code="M">49HBZ_FUH</subfield>
  </datafield>
  <datafield tag="776" ind1="0" ind2="8">
    <subfield code="i">Erscheint auch als</subfield>
    <subfield code="n">Online-Ausgabe, PDF</subfield>
    <subfield code="t">Architektur wahrnehmen</subfield>
    <subfield code="z">9783839436547</subfield>
    <subfield code="w">(DE-605)HT019565502</subfield>
    <subfield code="9">978-3-8394-3654-7</subfield>
    <subfield code="M">49HBZ_FUH</subfield>
  </datafield>
  <datafield tag="830" ind1=" " ind2="0">
    <subfield code="a">Architekturen</subfield>
    <subfield code="w">(DE-605)HT016567889</subfield>
    <subfield code="v">38</subfield>
    <subfield code="9">O:1</subfield>
    <subfield code="M">49HBZ_FUH</subfield>
  </datafield>
  <datafield tag="856" ind1="4" ind2="2">
    <subfield code="m">B:DE-101</subfield>
    <subfield code="q">application/pdf</subfield>
    <subfield code="u">http://digitale-objekte.hbz-nrw.de/storage2/2018/03/01/file_46/7573226.pdf</subfield>
    <subfield code="3">Inhaltsverzeichnis</subfield>
    <subfield code="9">O:PKN</subfield>
    <subfield code="M">49HBZ_FUH</subfield>
  </datafield>
  <datafield tag="983" ind1=" " ind2=" ">
    <subfield code="b">WTN</subfield>
    <subfield code="9">LOCAL</subfield>
    <subfield code="M">49HBZ_FUH</subfield>
  </datafield>
  <datafield tag="MBD" ind1=" " ind2=" ">
    <subfield code="M">49HBZ_HBI</subfield>
    <subfield code="i">991002110769706450</subfield>
    <subfield code="n">Hochschule Bielefeld</subfield>
  </datafield>
  <datafield tag="020" ind1=" " ind2=" ">
    <subfield code="a">9783837636543</subfield>
    <subfield code="c">Kt : circa EUR 34.99 (DE), circa EUR 36.00 (AT), circa CHF 42.70 (freier Preis)</subfield>
    <subfield code="9">978-3-8376-3654-3</subfield>
    <subfield code="M">49HBZ_HBI</subfield>
  </datafield>
  <datafield tag="020" ind1=" " ind2=" ">
    <subfield code="a">3837636542</subfield>
    <subfield code="9">3-8376-3654-2</subfield>
    <subfield code="M">49HBZ_HBI</subfield>
  </datafield>
  <datafield tag="776" ind1="0" ind2="8">
    <subfield code="i">Erscheint auch als</subfield>
    <subfield code="n">Online-Ausgabe, PDF</subfield>
    <subfield code="t">Architektur wahrnehmen</subfield>
    <subfield code="z">9783839436547</subfield>
    <subfield code="w">(DE-605)HT019565502</subfield>
    <subfield code="9">978-3-8394-3654-7</subfield>
    <subfield code="M">49HBZ_HBI</subfield>
  </datafield>
  <datafield tag="830" ind1=" " ind2="0">
    <subfield code="a">Architekturen</subfield>
    <subfield code="w">(DE-605)HT016567889</subfield>
    <subfield code="v">38</subfield>
    <subfield code="9">O:1</subfield>
    <subfield code="M">49HBZ_HBI</subfield>
  </datafield>
  <datafield tag="856" ind1="4" ind2="2">
    <subfield code="m">B:DE-101</subfield>
    <subfield code="q">application/pdf</subfield>
    <subfield code="u">http://digitale-objekte.hbz-nrw.de/storage2/2018/03/01/file_46/7573226.pdf</subfield>
    <subfield code="3">Inhaltsverzeichnis</subfield>
    <subfield code="9">O:PKN</subfield>
    <subfield code="M">49HBZ_HBI</subfield>
  </datafield>
  <datafield tag="980" ind1="1" ind2=" ">
    <subfield code="e">HBZ</subfield>
    <subfield code="9">LOCAL</subfield>
    <subfield code="M">49HBZ_HBI</subfield>
  </datafield>
  <datafield tag="981" ind1=" " ind2=" ">
    <subfield code="a">(DE-Bi10)469759</subfield>
    <subfield code="9">LOCAL</subfield>
    <subfield code="M">49HBZ_HBI</subfield>
  </datafield>
  <datafield tag="997" ind1=" " ind2=" ">
    <subfield code="a">20180412</subfield>
    <subfield code="9">LOCAL</subfield>
    <subfield code="M">49HBZ_HBI</subfield>
  </datafield>
  <datafield tag="MBD" ind1=" " ind2=" ">
    <subfield code="M">49HBZ_HBO</subfield>
    <subfield code="i">991000330399706454</subfield>
    <subfield code="n">Hochschule Bochum</subfield>
  </datafield>
  <datafield tag="020" ind1=" " ind2=" ">
    <subfield code="a">9783837636543</subfield>
    <subfield code="c">Kt : circa EUR 34.99 (DE), circa EUR 36.00 (AT), circa CHF 42.70 (freier Preis)</subfield>
    <subfield code="9">978-3-8376-3654-3</subfield>
    <subfield code="M">49HBZ_HBO</subfield>
  </datafield>
  <datafield tag="020" ind1=" " ind2=" ">
    <subfield code="a">3837636542</subfield>
    <subfield code="9">3-8376-3654-2</subfield>
    <subfield code="M">49HBZ_HBO</subfield>
  </datafield>
  <datafield tag="776" ind1="0" ind2="8">
    <subfield code="i">Erscheint auch als</subfield>
    <subfield code="n">Online-Ausgabe, PDF</subfield>
    <subfield code="t">Architektur wahrnehmen</subfield>
    <subfield code="z">9783839436547</subfield>
    <subfield code="w">(DE-605)HT019565502</subfield>
    <subfield code="9">978-3-8394-3654-7</subfield>
    <subfield code="M">49HBZ_HBO</subfield>
  </datafield>
  <datafield tag="830" ind1=" " ind2="0">
    <subfield code="a">Architekturen</subfield>
    <subfield code="w">(DE-605)HT016567889</subfield>
    <subfield code="v">38</subfield>
    <subfield code="9">O:1</subfield>
    <subfield code="M">49HBZ_HBO</subfield>
  </datafield>
  <datafield tag="856" ind1="4" ind2="2">
    <subfield code="m">B:DE-101</subfield>
    <subfield code="q">application/pdf</subfield>
    <subfield code="u">http://digitale-objekte.hbz-nrw.de/storage2/2018/03/01/file_46/7573226.pdf</subfield>
    <subfield code="3">Inhaltsverzeichnis</subfield>
    <subfield code="9">O:PKN</subfield>
    <subfield code="M">49HBZ_HBO</subfield>
  </datafield>
  <datafield tag="981" ind1=" " ind2=" ">
    <subfield code="a">238772</subfield>
    <subfield code="9">LOCAL</subfield>
    <subfield code="M">49HBZ_HBO</subfield>
  </datafield>
  <datafield tag="987" ind1="1" ind2=" ">
    <subfield code="a">M</subfield>
    <subfield code="9">LOCAL</subfield>
    <subfield code="M">49HBZ_HBO</subfield>
  </datafield>
  <datafield tag="997" ind1=" " ind2=" ">
    <subfield code="a">20220330</subfield>
    <subfield code="9">LOCAL</subfield>
    <subfield code="M">49HBZ_HBO</subfield>
  </datafield>
  <datafield tag="998" ind1="4" ind2=" ">
    <subfield code="u">http://www.transcript-verlag.de/978-3-8376-3654-3</subfield>
    <subfield code="9">LOCAL</subfield>
    <subfield code="M">49HBZ_HBO</subfield>
  </datafield>
  <datafield tag="998" ind1="4" ind2=" ">
    <subfield code="z">Verlag</subfield>
    <subfield code="9">LOCAL</subfield>
    <subfield code="M">49HBZ_HBO</subfield>
  </datafield>
  <datafield tag="998" ind1="4" ind2=" ">
    <subfield code="u">http://digitale-objekte.hbz-nrw.de/storage2/2018/03/01/file_46/7573226.pdf</subfield>
    <subfield code="9">LOCAL</subfield>
    <subfield code="M">49HBZ_HBO</subfield>
  </datafield>
  <datafield tag="998" ind1="4" ind2=" ">
    <subfield code="z">Inhaltsverzeichnis</subfield>
    <subfield code="9">LOCAL</subfield>
    <subfield code="M">49HBZ_HBO</subfield>
  </datafield>
  <datafield tag="MBD" ind1=" " ind2=" ">
    <subfield code="M">49HBZ_HSN</subfield>
    <subfield code="i">991002947139708056</subfield>
    <subfield code="n">Hochschule Niederrhein</subfield>
  </datafield>
  <datafield tag="020" ind1=" " ind2=" ">
    <subfield code="a">9783837636543</subfield>
    <subfield code="c">Kt : circa EUR 34.99 (DE), circa EUR 36.00 (AT), circa CHF 42.70 (freier Preis)</subfield>
    <subfield code="9">978-3-8376-3654-3</subfield>
    <subfield code="M">49HBZ_HSN</subfield>
  </datafield>
  <datafield tag="020" ind1=" " ind2=" ">
    <subfield code="a">3837636542</subfield>
    <subfield code="9">3-8376-3654-2</subfield>
    <subfield code="M">49HBZ_HSN</subfield>
  </datafield>
  <datafield tag="776" ind1="0" ind2="8">
    <subfield code="i">Erscheint auch als</subfield>
    <subfield code="n">Online-Ausgabe, PDF</subfield>
    <subfield code="t">Architektur wahrnehmen</subfield>
    <subfield code="z">9783839436547</subfield>
    <subfield code="w">(DE-605)HT019565502</subfield>
    <subfield code="9">978-3-8394-3654-7</subfield>
    <subfield code="M">49HBZ_HSN</subfield>
  </datafield>
  <datafield tag="830" ind1=" " ind2="0">
    <subfield code="a">Architekturen</subfield>
    <subfield code="w">(DE-605)HT016567889</subfield>
    <subfield code="v">38</subfield>
    <subfield code="9">O:1</subfield>
    <subfield code="M">49HBZ_HSN</subfield>
  </datafield>
  <datafield tag="856" ind1="4" ind2="2">
    <subfield code="m">B:DE-101</subfield>
    <subfield code="q">application/pdf</subfield>
    <subfield code="u">http://digitale-objekte.hbz-nrw.de/storage2/2018/03/01/file_46/7573226.pdf</subfield>
    <subfield code="3">Inhaltsverzeichnis</subfield>
    <subfield code="9">O:PKN</subfield>
    <subfield code="M">49HBZ_HSN</subfield>
  </datafield>
  <datafield tag="980" ind1="1" ind2=" ">
    <subfield code="e">HBZ</subfield>
    <subfield code="9">LOCAL</subfield>
    <subfield code="M">49HBZ_HSN</subfield>
  </datafield>
  <datafield tag="981" ind1=" " ind2=" ">
    <subfield code="a">(DE-829)360803</subfield>
    <subfield code="9">LOCAL</subfield>
    <subfield code="M">49HBZ_HSN</subfield>
  </datafield>
  <datafield tag="997" ind1=" " ind2=" ">
    <subfield code="a">20180111</subfield>
    <subfield code="9">LOCAL</subfield>
    <subfield code="M">49HBZ_HSN</subfield>
  </datafield>
  <datafield tag="MBD" ind1=" " ind2=" ">
    <subfield code="M">49HBZ_OWL</subfield>
    <subfield code="i">991002634169706468</subfield>
    <subfield code="n">Hochschule Ostwestfalen-Lippe</subfield>
  </datafield>
  <datafield tag="020" ind1=" " ind2=" ">
    <subfield code="a">9783837636543</subfield>
    <subfield code="c">Kt : circa EUR 34.99 (DE), circa EUR 36.00 (AT), circa CHF 42.70 (freier Preis)</subfield>
    <subfield code="9">978-3-8376-3654-3</subfield>
    <subfield code="M">49HBZ_OWL</subfield>
  </datafield>
  <datafield tag="020" ind1=" " ind2=" ">
    <subfield code="a">3837636542</subfield>
    <subfield code="9">3-8376-3654-2</subfield>
    <subfield code="M">49HBZ_OWL</subfield>
  </datafield>
  <datafield tag="776" ind1="0" ind2="8">
    <subfield code="i">Erscheint auch als</subfield>
    <subfield code="n">Online-Ausgabe, PDF</subfield>
    <subfield code="t">Architektur wahrnehmen</subfield>
    <subfield code="z">9783839436547</subfield>
    <subfield code="w">(DE-605)HT019565502</subfield>
    <subfield code="9">978-3-8394-3654-7</subfield>
    <subfield code="M">49HBZ_OWL</subfield>
  </datafield>
  <datafield tag="830" ind1=" " ind2="0">
    <subfield code="a">Architekturen</subfield>
    <subfield code="w">(DE-605)HT016567889</subfield>
    <subfield code="v">38</subfield>
    <subfield code="9">O:1</subfield>
    <subfield code="M">49HBZ_OWL</subfield>
  </datafield>
  <datafield tag="856" ind1="4" ind2="2">
    <subfield code="m">B:DE-101</subfield>
    <subfield code="q">application/pdf</subfield>
    <subfield code="u">http://digitale-objekte.hbz-nrw.de/storage2/2018/03/01/file_46/7573226.pdf</subfield>
    <subfield code="3">Inhaltsverzeichnis</subfield>
    <subfield code="9">O:PKN</subfield>
    <subfield code="M">49HBZ_OWL</subfield>
  </datafield>
  <datafield tag="980" ind1="1" ind2="2">
    <subfield code="e">HBZ</subfield>
    <subfield code="9">LOCAL</subfield>
    <subfield code="M">49HBZ_OWL</subfield>
  </datafield>
  <datafield tag="981" ind1=" " ind2=" ">
    <subfield code="a">(DE-743)878513</subfield>
    <subfield code="9">LOCAL</subfield>
    <subfield code="M">49HBZ_OWL</subfield>
  </datafield>
  <datafield tag="MBD" ind1=" " ind2=" ">
    <subfield code="M">49HBZ_SIE</subfield>
    <subfield code="i">990195818810106462</subfield>
    <subfield code="n">Universität Siegen</subfield>
  </datafield>
  <datafield tag="020" ind1=" " ind2=" ">
    <subfield code="a">9783837636543</subfield>
    <subfield code="c">Kt : circa EUR 34.99 (DE), circa EUR 36.00 (AT), circa CHF 42.70 (freier Preis)</subfield>
    <subfield code="9">978-3-8376-3654-3</subfield>
    <subfield code="M">49HBZ_SIE</subfield>
  </datafield>
  <datafield tag="020" ind1=" " ind2=" ">
    <subfield code="a">3837636542</subfield>
    <subfield code="9">3-8376-3654-2</subfield>
    <subfield code="M">49HBZ_SIE</subfield>
  </datafield>
  <datafield tag="776" ind1="0" ind2="8">
    <subfield code="i">Erscheint auch als</subfield>
    <subfield code="n">Online-Ausgabe, PDF</subfield>
    <subfield code="t">Architektur wahrnehmen</subfield>
    <subfield code="z">9783839436547</subfield>
    <subfield code="w">(DE-605)HT019565502</subfield>
    <subfield code="9">978-3-8394-3654-7</subfield>
    <subfield code="M">49HBZ_SIE</subfield>
  </datafield>
  <datafield tag="830" ind1=" " ind2="0">
    <subfield code="a">Architekturen</subfield>
    <subfield code="w">(DE-605)HT016567889</subfield>
    <subfield code="v">38</subfield>
    <subfield code="9">O:1</subfield>
    <subfield code="M">49HBZ_SIE</subfield>
  </datafield>
  <datafield tag="856" ind1="4" ind2="2">
    <subfield code="m">B:DE-101</subfield>
    <subfield code="q">application/pdf</subfield>
    <subfield code="u">http://digitale-objekte.hbz-nrw.de/storage2/2018/03/01/file_46/7573226.pdf</subfield>
    <subfield code="3">Inhaltsverzeichnis</subfield>
    <subfield code="9">O:PKN</subfield>
    <subfield code="M">49HBZ_SIE</subfield>
  </datafield>
  <datafield tag="983" ind1=" " ind2=" ">
    <subfield code="b">WTA</subfield>
    <subfield code="9">LOCAL</subfield>
    <subfield code="M">49HBZ_SIE</subfield>
  </datafield>
  <datafield tag="MNG" ind1=" " ind2=" ">
    <subfield code="c">System</subfield>
    <subfield code="f">HBZ</subfield>
    <subfield code="i">marc21</subfield>
    <subfield code="h">20220330141100.0</subfield>
    <subfield code="k">01</subfield>
    <subfield code="e">false</subfield>
    <subfield code="d">2023-04-28 04:19:41 Europe/Berlin</subfield>
    <subfield code="g">021747866-HBZ01</subfield>
    <subfield code="j">60</subfield>
    <subfield code="a">import</subfield>
    <subfield code="b">2021-04-05 18:04:31 Europe/Berlin</subfield>
  </datafield>
  <datafield tag="H52" ind1=" " ind2=" ">
    <subfield code="b">W0001</subfield>
    <subfield code="c">21</subfield>
    <subfield code="h"/>
    <subfield code="8">22121719540006447</subfield>
  </datafield>
  <datafield tag="HOL" ind1=" " ind2=" ">
    <subfield code="b">2021-04-06 07:43:26</subfield>
    <subfield code="8">22121719540006447</subfield>
    <subfield code="M">49HBZ_WUP</subfield>
    <subfield code="g">false</subfield>
    <subfield code="a">import</subfield>
  </datafield>
  <datafield tag="H52" ind1=" " ind2=" ">
    <subfield code="b">W0001</subfield>
    <subfield code="c">20</subfield>
    <subfield code="h"/>
    <subfield code="8">22121719560006447</subfield>
  </datafield>
  <datafield tag="HOL" ind1=" " ind2=" ">
    <subfield code="b">2021-04-06 07:43:26</subfield>
    <subfield code="8">22121719560006447</subfield>
    <subfield code="M">49HBZ_WUP</subfield>
    <subfield code="g">false</subfield>
    <subfield code="a">import</subfield>
  </datafield>
  <datafield tag="H52" ind1=" " ind2=" ">
    <subfield code="b">W0001</subfield>
    <subfield code="c">91</subfield>
    <subfield code="h"/>
    <subfield code="8">22121719490006447</subfield>
  </datafield>
  <datafield tag="HOL" ind1=" " ind2=" ">
    <subfield code="b">2021-04-06 07:43:26</subfield>
    <subfield code="8">22121719490006447</subfield>
    <subfield code="M">49HBZ_WUP</subfield>
    <subfield code="g">false</subfield>
    <subfield code="a">import</subfield>
  </datafield>
  <datafield tag="ITM" ind1=" " ind2=" ">
    <subfield code="H">22121719490006447</subfield>
    <subfield code="x">91</subfield>
    <subfield code="f">BOOK</subfield>
    <subfield code="v">91</subfield>
    <subfield code="p">42</subfield>
    <subfield code="X">System</subfield>
    <subfield code="U">2018-03-16 11:59:00 Europe/Berlin</subfield>
    <subfield code="Y">2021-04-06 09:43:48 Europe/Berlin</subfield>
    <subfield code="h">false</subfield>
    <subfield code="n">WTA2690+9</subfield>
    <subfield code="M">49HBZ_WUP</subfield>
    <subfield code="s">1</subfield>
    <subfield code="d">#</subfield>
    <subfield code="V">import</subfield>
    <subfield code="b">W00268173</subfield>
    <subfield code="a">23121719440006447</subfield>
    <subfield code="t">8</subfield>
    <subfield code="S">M2018-1738</subfield>
    <subfield code="B">2018/5003</subfield>
    <subfield code="D">20180326</subfield>
    <subfield code="W">2018-03-16 01:00:00 Europe/Berlin</subfield>
    <subfield code="u">W0001</subfield>
    <subfield code="w">W0001</subfield>
  </datafield>
  <datafield tag="ITM" ind1=" " ind2=" ">
    <subfield code="H">22121719490006447</subfield>
    <subfield code="x">91</subfield>
    <subfield code="f">BOOK</subfield>
    <subfield code="v">91</subfield>
    <subfield code="p">42</subfield>
    <subfield code="X">System</subfield>
    <subfield code="U">2018-03-16 11:59:00 Europe/Berlin</subfield>
    <subfield code="Y">2021-04-06 09:43:48 Europe/Berlin</subfield>
    <subfield code="h">false</subfield>
    <subfield code="n">WTA2690+6</subfield>
    <subfield code="M">49HBZ_WUP</subfield>
    <subfield code="s">1</subfield>
    <subfield code="d">#</subfield>
    <subfield code="V">import</subfield>
    <subfield code="b">W00268170</subfield>
    <subfield code="a">23121719430006447</subfield>
    <subfield code="t">8</subfield>
    <subfield code="S">M2018-1738</subfield>
    <subfield code="B">2018/5000</subfield>
    <subfield code="D">20180326</subfield>
    <subfield code="W">2018-03-16 01:00:00 Europe/Berlin</subfield>
    <subfield code="u">W0001</subfield>
    <subfield code="w">W0001</subfield>
  </datafield>
  <datafield tag="ITM" ind1=" " ind2=" ">
    <subfield code="H">22121719490006447</subfield>
    <subfield code="x">91</subfield>
    <subfield code="f">BOOK</subfield>
    <subfield code="v">91</subfield>
    <subfield code="p">42</subfield>
    <subfield code="X">COWA90000339</subfield>
    <subfield code="U">2018-03-16 11:59:00 Europe/Berlin</subfield>
    <subfield code="Y">2022-12-21 11:43:28 Europe/Berlin</subfield>
    <subfield code="h">false</subfield>
    <subfield code="n">WTA2690+8</subfield>
    <subfield code="M">49HBZ_WUP</subfield>
    <subfield code="s">1</subfield>
    <subfield code="d">#</subfield>
    <subfield code="V">import</subfield>
    <subfield code="b">W00268172</subfield>
    <subfield code="a">23121719450006447</subfield>
    <subfield code="t">8</subfield>
    <subfield code="R">Maintenance count: 002</subfield>
    <subfield code="S">M2018-1738</subfield>
    <subfield code="B">2018/5002</subfield>
    <subfield code="D">20180326</subfield>
    <subfield code="W">2018-03-16 01:00:00 Europe/Berlin</subfield>
    <subfield code="u">W0001</subfield>
    <subfield code="w">W0001</subfield>
  </datafield>
  <datafield tag="ITM" ind1=" " ind2=" ">
    <subfield code="H">22121719560006447</subfield>
    <subfield code="x">20</subfield>
    <subfield code="f">BOOK</subfield>
    <subfield code="v">20</subfield>
    <subfield code="p">12</subfield>
    <subfield code="X">System</subfield>
    <subfield code="U">2018-03-16 11:59:00 Europe/Berlin</subfield>
    <subfield code="Y">2023-02-13 21:53:50 Europe/Berlin</subfield>
    <subfield code="h">false</subfield>
    <subfield code="n">WTA2690</subfield>
    <subfield code="M">49HBZ_WUP</subfield>
    <subfield code="s">1</subfield>
    <subfield code="d">#</subfield>
    <subfield code="V">import</subfield>
    <subfield code="b">W00268164</subfield>
    <subfield code="a">23121719550006447</subfield>
    <subfield code="t">8</subfield>
    <subfield code="S">M2018-1738</subfield>
    <subfield code="B">2018/4994</subfield>
    <subfield code="D">20180326</subfield>
    <subfield code="W">2018-03-16 01:00:00 Europe/Berlin</subfield>
    <subfield code="u">W0001</subfield>
    <subfield code="w">W0001</subfield>
  </datafield>
  <datafield tag="ITM" ind1=" " ind2=" ">
    <subfield code="H">22121719540006447</subfield>
    <subfield code="x">21</subfield>
    <subfield code="f">BOOK</subfield>
    <subfield code="v">21</subfield>
    <subfield code="p">11</subfield>
    <subfield code="X">System</subfield>
    <subfield code="U">2018-03-16 11:59:00 Europe/Berlin</subfield>
    <subfield code="Y">2021-04-06 09:43:48 Europe/Berlin</subfield>
    <subfield code="h">false</subfield>
    <subfield code="n">WTA2690+1</subfield>
    <subfield code="M">49HBZ_WUP</subfield>
    <subfield code="s">1</subfield>
    <subfield code="d">#</subfield>
    <subfield code="V">import</subfield>
    <subfield code="b">W00268165</subfield>
    <subfield code="a">23121719500006447</subfield>
    <subfield code="t">8</subfield>
    <subfield code="R">Maintenance count: 001</subfield>
    <subfield code="S">M2018-1738</subfield>
    <subfield code="B">2018/4995</subfield>
    <subfield code="D">20180326</subfield>
    <subfield code="W">2018-03-16 01:00:00 Europe/Berlin</subfield>
    <subfield code="u">W0001</subfield>
    <subfield code="w">W0001</subfield>
  </datafield>
  <datafield tag="ITM" ind1=" " ind2=" ">
    <subfield code="H">22121719540006447</subfield>
    <subfield code="x">21</subfield>
    <subfield code="f">BOOK</subfield>
    <subfield code="v">21</subfield>
    <subfield code="p">11</subfield>
    <subfield code="X">System</subfield>
    <subfield code="U">2018-03-16 11:59:00 Europe/Berlin</subfield>
    <subfield code="Y">2021-04-06 09:43:48 Europe/Berlin</subfield>
    <subfield code="h">false</subfield>
    <subfield code="n">WTA2690+2</subfield>
    <subfield code="M">49HBZ_WUP</subfield>
    <subfield code="s">1</subfield>
    <subfield code="d">#</subfield>
    <subfield code="V">import</subfield>
    <subfield code="b">W00268166</subfield>
    <subfield code="a">23121719530006447</subfield>
    <subfield code="t">8</subfield>
    <subfield code="R">Maintenance count: 001</subfield>
    <subfield code="S">M2018-1738</subfield>
    <subfield code="B">2018/4996</subfield>
    <subfield code="D">20180326</subfield>
    <subfield code="W">2018-03-16 01:00:00 Europe/Berlin</subfield>
    <subfield code="u">W0001</subfield>
    <subfield code="w">W0001</subfield>
  </datafield>
  <datafield tag="ITM" ind1=" " ind2=" ">
    <subfield code="H">22121719490006447</subfield>
    <subfield code="x">91</subfield>
    <subfield code="f">BOOK</subfield>
    <subfield code="v">91</subfield>
    <subfield code="p">42</subfield>
    <subfield code="X">System</subfield>
    <subfield code="U">2018-03-16 11:59:00 Europe/Berlin</subfield>
    <subfield code="Y">2021-07-16 17:44:56 Europe/Berlin</subfield>
    <subfield code="h">false</subfield>
    <subfield code="n">WTA2690+4</subfield>
    <subfield code="M">49HBZ_WUP</subfield>
    <subfield code="s">1</subfield>
    <subfield code="d">#</subfield>
    <subfield code="V">import</subfield>
    <subfield code="b">W00268168</subfield>
    <subfield code="a">23121719390006447</subfield>
    <subfield code="t">8</subfield>
    <subfield code="R">Maintenance count: 002</subfield>
    <subfield code="S">M2018-1738</subfield>
    <subfield code="B">2018/4998</subfield>
    <subfield code="D">20180326</subfield>
    <subfield code="W">2018-03-16 01:00:00 Europe/Berlin</subfield>
    <subfield code="u">W0001</subfield>
    <subfield code="w">W0001</subfield>
  </datafield>
  <datafield tag="ITM" ind1=" " ind2=" ">
    <subfield code="H">22121719490006447</subfield>
    <subfield code="x">91</subfield>
    <subfield code="f">BOOK</subfield>
    <subfield code="v">91</subfield>
    <subfield code="p">42</subfield>
    <subfield code="X">System</subfield>
    <subfield code="U">2018-03-16 11:59:00 Europe/Berlin</subfield>
    <subfield code="Y">2021-04-06 09:43:48 Europe/Berlin</subfield>
    <subfield code="h">false</subfield>
    <subfield code="n">WTA2690+3</subfield>
    <subfield code="M">49HBZ_WUP</subfield>
    <subfield code="s">1</subfield>
    <subfield code="d">#</subfield>
    <subfield code="V">import</subfield>
    <subfield code="b">W00268167</subfield>
    <subfield code="a">23121719400006447</subfield>
    <subfield code="t">8</subfield>
    <subfield code="R">Maintenance count: 001</subfield>
    <subfield code="S">M2018-1738</subfield>
    <subfield code="B">2018/4997</subfield>
    <subfield code="D">20180326</subfield>
    <subfield code="W">2018-03-16 01:00:00 Europe/Berlin</subfield>
    <subfield code="u">W0001</subfield>
    <subfield code="w">W0001</subfield>
  </datafield>
  <datafield tag="ITM" ind1=" " ind2=" ">
    <subfield code="H">22121719490006447</subfield>
    <subfield code="x">91</subfield>
    <subfield code="f">BOOK</subfield>
    <subfield code="v">91</subfield>
    <subfield code="p">42</subfield>
    <subfield code="X">System</subfield>
    <subfield code="U">2018-03-26 12:59:00 Europe/Berlin</subfield>
    <subfield code="Y">2021-04-06 09:43:48 Europe/Berlin</subfield>
    <subfield code="h">false</subfield>
    <subfield code="n">WTA2690+12</subfield>
    <subfield code="M">49HBZ_WUP</subfield>
    <subfield code="s">1</subfield>
    <subfield code="d">#</subfield>
    <subfield code="V">import</subfield>
    <subfield code="b">W00268176</subfield>
    <subfield code="a">23121719410006447</subfield>
    <subfield code="t">8</subfield>
    <subfield code="R">Maintenance count: 001</subfield>
    <subfield code="S">M2018-1738</subfield>
    <subfield code="B">G2018/323</subfield>
    <subfield code="D">20180326</subfield>
    <subfield code="W">2018-03-26 02:00:00 Europe/Berlin</subfield>
    <subfield code="u">W0001</subfield>
    <subfield code="w">W0001</subfield>
  </datafield>
  <datafield tag="ITM" ind1=" " ind2=" ">
    <subfield code="H">22121719490006447</subfield>
    <subfield code="x">91</subfield>
    <subfield code="f">BOOK</subfield>
    <subfield code="v">91</subfield>
    <subfield code="p">42</subfield>
    <subfield code="X">System</subfield>
    <subfield code="U">2018-03-16 11:59:00 Europe/Berlin</subfield>
    <subfield code="Y">2021-04-06 09:43:48 Europe/Berlin</subfield>
    <subfield code="h">false</subfield>
    <subfield code="n">WTA2690+7</subfield>
    <subfield code="M">49HBZ_WUP</subfield>
    <subfield code="s">1</subfield>
    <subfield code="d">#</subfield>
    <subfield code="V">import</subfield>
    <subfield code="b">W00268171</subfield>
    <subfield code="a">23121719470006447</subfield>
    <subfield code="t">8</subfield>
    <subfield code="S">M2018-1738</subfield>
    <subfield code="B">2018/5001</subfield>
    <subfield code="D">20180326</subfield>
    <subfield code="W">2018-03-16 01:00:00 Europe/Berlin</subfield>
    <subfield code="u">W0001</subfield>
    <subfield code="w">W0001</subfield>
  </datafield>
  <datafield tag="ITM" ind1=" " ind2=" ">
    <subfield code="H">22121719490006447</subfield>
    <subfield code="x">91</subfield>
    <subfield code="f">BOOK</subfield>
    <subfield code="v">91</subfield>
    <subfield code="p">42</subfield>
    <subfield code="X">System</subfield>
    <subfield code="U">2018-03-16 11:59:00 Europe/Berlin</subfield>
    <subfield code="Y">2021-04-06 09:43:48 Europe/Berlin</subfield>
    <subfield code="h">false</subfield>
    <subfield code="n">WTA2690+11</subfield>
    <subfield code="M">49HBZ_WUP</subfield>
    <subfield code="s">1</subfield>
    <subfield code="d">#</subfield>
    <subfield code="V">import</subfield>
    <subfield code="b">W00268175</subfield>
    <subfield code="a">23121719420006447</subfield>
    <subfield code="t">8</subfield>
    <subfield code="R">Maintenance count: 003</subfield>
    <subfield code="S">M2018-1738</subfield>
    <subfield code="B">2018/5005</subfield>
    <subfield code="D">20180326</subfield>
    <subfield code="W">2018-03-16 01:00:00 Europe/Berlin</subfield>
    <subfield code="u">W0001</subfield>
    <subfield code="w">W0001</subfield>
  </datafield>
  <datafield tag="ITM" ind1=" " ind2=" ">
    <subfield code="H">22121719490006447</subfield>
    <subfield code="x">91</subfield>
    <subfield code="f">BOOK</subfield>
    <subfield code="v">91</subfield>
    <subfield code="p">42</subfield>
    <subfield code="X">System</subfield>
    <subfield code="U">2018-03-16 11:59:00 Europe/Berlin</subfield>
    <subfield code="Y">2021-04-06 09:43:48 Europe/Berlin</subfield>
    <subfield code="h">false</subfield>
    <subfield code="n">WTA2690+10</subfield>
    <subfield code="M">49HBZ_WUP</subfield>
    <subfield code="s">1</subfield>
    <subfield code="d">#</subfield>
    <subfield code="V">import</subfield>
    <subfield code="b">W00268174</subfield>
    <subfield code="a">23121719370006447</subfield>
    <subfield code="t">8</subfield>
    <subfield code="R">Maintenance count: 001</subfield>
    <subfield code="S">M2018-1738</subfield>
    <subfield code="B">2018/5004</subfield>
    <subfield code="D">20180326</subfield>
    <subfield code="W">2018-03-16 01:00:00 Europe/Berlin</subfield>
    <subfield code="u">W0001</subfield>
    <subfield code="w">W0001</subfield>
  </datafield>
  <datafield tag="ITM" ind1=" " ind2=" ">
    <subfield code="H">22121719490006447</subfield>
    <subfield code="x">91</subfield>
    <subfield code="f">BOOK</subfield>
    <subfield code="v">91</subfield>
    <subfield code="p">42</subfield>
    <subfield code="X">System</subfield>
    <subfield code="U">2018-03-16 11:59:00 Europe/Berlin</subfield>
    <subfield code="Y">2021-04-06 09:43:48 Europe/Berlin</subfield>
    <subfield code="h">false</subfield>
    <subfield code="n">WTA2690+5</subfield>
    <subfield code="M">49HBZ_WUP</subfield>
    <subfield code="s">1</subfield>
    <subfield code="d">#</subfield>
    <subfield code="V">import</subfield>
    <subfield code="b">W00268169</subfield>
    <subfield code="a">23121719380006447</subfield>
    <subfield code="t">8</subfield>
    <subfield code="S">M2018-1738</subfield>
    <subfield code="B">2018/4999</subfield>
    <subfield code="D">20180326</subfield>
    <subfield code="W">2018-03-16 01:00:00 Europe/Berlin</subfield>
    <subfield code="u">W0001</subfield>
    <subfield code="w">W0001</subfield>
  </datafield>
  <datafield tag="H52" ind1=" " ind2=" ">
    <subfield code="b">F0001</subfield>
    <subfield code="c">00</subfield>
    <subfield code="8">22101974760006464</subfield>
  </datafield>
  <datafield tag="HOL" ind1=" " ind2=" ">
    <subfield code="b">2022-07-04 11:22:35</subfield>
    <subfield code="8">22101974760006464</subfield>
    <subfield code="M">49HBZ_FUH</subfield>
    <subfield code="g">false</subfield>
    <subfield code="a">import</subfield>
  </datafield>
  <datafield tag="ITM" ind1=" " ind2=" ">
    <subfield code="H">22101974760006464</subfield>
    <subfield code="x">00</subfield>
    <subfield code="f">BOOK</subfield>
    <subfield code="v">00</subfield>
    <subfield code="p">10</subfield>
    <subfield code="X">System</subfield>
    <subfield code="U">2017-03-08 11:59:00 Europe/Berlin</subfield>
    <subfield code="Y">2022-07-04 13:24:02 Europe/Berlin</subfield>
    <subfield code="h">false</subfield>
    <subfield code="n">WTN/ABEL</subfield>
    <subfield code="P">02///</subfield>
    <subfield code="M">49HBZ_FUH</subfield>
    <subfield code="s">1</subfield>
    <subfield code="d">#</subfield>
    <subfield code="V">import</subfield>
    <subfield code="b">180043101</subfield>
    <subfield code="a">23101974750006464</subfield>
    <subfield code="R">Maintenance count: 001</subfield>
    <subfield code="S">FUH-87153</subfield>
    <subfield code="B">18/431</subfield>
    <subfield code="D">20180108</subfield>
    <subfield code="W">2017-03-08 01:00:00 Europe/Berlin</subfield>
    <subfield code="u">F0001</subfield>
    <subfield code="w">F0001</subfield>
  </datafield>
  <datafield tag="H52" ind1="8" ind2=" ">
    <subfield code="b">60</subfield>
    <subfield code="c">CM_Freih</subfield>
    <subfield code="h">WTF2 Arch</subfield>
    <subfield code="8">2221369690006450</subfield>
  </datafield>
  <datafield tag="HOL" ind1=" " ind2=" ">
    <subfield code="b">2022-07-14 17:14:50</subfield>
    <subfield code="8">2221369690006450</subfield>
    <subfield code="M">49HBZ_HBI</subfield>
    <subfield code="g">false</subfield>
    <subfield code="a">import</subfield>
  </datafield>
  <datafield tag="ITM" ind1=" " ind2=" ">
    <subfield code="H">2221369690006450</subfield>
    <subfield code="x">CM_Freih</subfield>
    <subfield code="f">BOOK</subfield>
    <subfield code="v">CM_Freih</subfield>
    <subfield code="p">ZZZ</subfield>
    <subfield code="X">System</subfield>
    <subfield code="U">2022-07-12 12:59:00 Europe/Berlin</subfield>
    <subfield code="Y">2022-07-14 19:15:27 Europe/Berlin</subfield>
    <subfield code="h">false</subfield>
    <subfield code="G">1</subfield>
    <subfield code="M">49HBZ_HBI</subfield>
    <subfield code="s">1</subfield>
    <subfield code="d">8</subfield>
    <subfield code="V">import</subfield>
    <subfield code="L">Systematik: 0 | HBZ01: HT019246898 | Keine Beilagen: 1</subfield>
    <subfield code="b">180424</subfield>
    <subfield code="O">SISIS Ausleihen insgesamt: 3 | SISIS Vormerkungen Migrationsjahr: 0 | SISIS Aufnahmedatum: 2018-04-26</subfield>
    <subfield code="N">Sigel: Bi 10 | Fernleihkonditionen: 0</subfield>
    <subfield code="a">2321369680006450</subfield>
    <subfield code="c">WTF2 Arch</subfield>
    <subfield code="S">QV2MIN-1089</subfield>
    <subfield code="B">18MCM-114</subfield>
    <subfield code="W">2022-07-14 19:14:50 Europe/Berlin</subfield>
    <subfield code="u">60</subfield>
    <subfield code="w">60</subfield>
  </datafield>
  <datafield tag="H52" ind1="8" ind2=" ">
    <subfield code="b">BOT</subfield>
    <subfield code="c">BOT_FREI</subfield>
    <subfield code="h">GA 27</subfield>
    <subfield code="8">2214295750006454</subfield>
  </datafield>
  <datafield tag="HOL" ind1=" " ind2=" ">
    <subfield code="b">2022-07-24 08:44:55</subfield>
    <subfield code="8">2214295750006454</subfield>
    <subfield code="M">49HBZ_HBO</subfield>
    <subfield code="g">false</subfield>
    <subfield code="a">import</subfield>
  </datafield>
  <datafield tag="ITM" ind1=" " ind2=" ">
    <subfield code="H">2214295750006454</subfield>
    <subfield code="x">BOT_FREI</subfield>
    <subfield code="f">BOOK</subfield>
    <subfield code="v">BOT_FREI</subfield>
    <subfield code="p">NA</subfield>
    <subfield code="X">System</subfield>
    <subfield code="U">2022-07-17 12:59:00 Europe/Berlin</subfield>
    <subfield code="Y">2022-07-24 10:45:47 Europe/Berlin</subfield>
    <subfield code="h">false</subfield>
    <subfield code="n">GA 27</subfield>
    <subfield code="P">Buch</subfield>
    <subfield code="Q">A</subfield>
    <subfield code="M">49HBZ_HBO</subfield>
    <subfield code="s">1</subfield>
    <subfield code="d">8</subfield>
    <subfield code="V">import</subfield>
    <subfield code="b">01369368</subfield>
    <subfield code="O">Lieferantencode: BA | Kostenstelle: 1/QVMR | Erwerbungsdatum: 20.02.2018</subfield>
    <subfield code="N">Letzte Rückgabe: 018101767 am 06.08.2019  09:29:00</subfield>
    <subfield code="a">2314295720006454</subfield>
    <subfield code="c">GA 27</subfield>
    <subfield code="B">A18/25</subfield>
    <subfield code="W">2022-07-24 10:44:55 Europe/Berlin</subfield>
    <subfield code="u">BOT</subfield>
    <subfield code="w">BOT</subfield>
  </datafield>
  <datafield tag="H52" ind1="8" ind2=" ">
    <subfield code="b">KRW</subfield>
    <subfield code="c">KRW_Public</subfield>
    <subfield code="h">WTA Archi</subfield>
    <subfield code="8">2247787930008056</subfield>
  </datafield>
  <datafield tag="HOL" ind1=" " ind2=" ">
    <subfield code="b">2023-07-25 14:41:12</subfield>
    <subfield code="8">2247787930008056</subfield>
    <subfield code="M">49HBZ_HSN</subfield>
    <subfield code="g">false</subfield>
    <subfield code="a">import</subfield>
  </datafield>
  <datafield tag="ITM" ind1=" " ind2=" ">
    <subfield code="H">2247787930008056</subfield>
    <subfield code="x">KRW_Public</subfield>
    <subfield code="f">BOOK</subfield>
    <subfield code="v">KRW_Public</subfield>
    <subfield code="p">ZZZ</subfield>
    <subfield code="X">System</subfield>
    <subfield code="U">2023-07-20 12:59:00 Europe/Berlin</subfield>
    <subfield code="Y">2023-08-14 09:23:29 Europe/Berlin</subfield>
    <subfield code="h">false</subfield>
    <subfield code="n">WTA Archi</subfield>
    <subfield code="G">1</subfield>
    <subfield code="M">49HBZ_HSN</subfield>
    <subfield code="s">1</subfield>
    <subfield code="d">8</subfield>
    <subfield code="V">import</subfield>
    <subfield code="L">ClassificationNo: 0 | SISIS-Magazindrucker: 0 | HBZ01: HT019246898 | Keine Beilagen: 1</subfield>
    <subfield code="b">100000005149</subfield>
    <subfield code="O">SISIS-Ausleihzähler vorletztes Migrationsjahr: 0 | SISIS-Vormerkzähler Migrationsjahr: 0 | SISIS-vorletztes Rückgabedatum: 2020-02-28 | SISIS-Buchdaten-Aufnahmedatum: 2018-01-23</subfield>
    <subfield code="N">Fernleihkonditionen: 0 | Sigel: 829 | Klassifikation: 0 | Altersbegrenzung: 0 | SISIS-Ausleihzähler Migrationsjahr: 0 | SISIS-Ausleihzähler Vor-Migrationsjahr: 0</subfield>
    <subfield code="a">2347787920008056</subfield>
    <subfield code="t">8</subfield>
    <subfield code="c">WTA Archi</subfield>
    <subfield code="B">HNBIB-49834</subfield>
    <subfield code="W">2023-07-25 16:41:12 Europe/Berlin</subfield>
    <subfield code="u">KRW</subfield>
    <subfield code="w">KRW</subfield>
  </datafield>
  <datafield tag="H52" ind1="8" ind2=" ">
    <subfield code="b">DT</subfield>
    <subfield code="c">DT_Frei</subfield>
    <subfield code="h">WTA314</subfield>
    <subfield code="8">2238591820006468</subfield>
  </datafield>
  <datafield tag="HOL" ind1=" " ind2=" ">
    <subfield code="b">2023-07-18 13:30:05</subfield>
    <subfield code="8">2238591820006468</subfield>
    <subfield code="M">49HBZ_OWL</subfield>
    <subfield code="g">false</subfield>
    <subfield code="a">import</subfield>
  </datafield>
  <datafield tag="ITM" ind1=" " ind2=" ">
    <subfield code="H">2238591820006468</subfield>
    <subfield code="x">DT_Frei</subfield>
    <subfield code="f">BOOK</subfield>
    <subfield code="v">DT_Frei</subfield>
    <subfield code="p">S</subfield>
    <subfield code="X">System</subfield>
    <subfield code="U">2023-07-18 12:59:00 Europe/Berlin</subfield>
    <subfield code="Y">2023-07-18 15:31:13 Europe/Berlin</subfield>
    <subfield code="h">false</subfield>
    <subfield code="n">21WTA314</subfield>
    <subfield code="G">1</subfield>
    <subfield code="M">49HBZ_OWL</subfield>
    <subfield code="s">1</subfield>
    <subfield code="d">8</subfield>
    <subfield code="V">import</subfield>
    <subfield code="L">ClassificationNo: 0 | SISIS-Magazindrucker: 0 | HBZ01: HT019246898 | Anzahl Beilagen: 1</subfield>
    <subfield code="b">21WTA314</subfield>
    <subfield code="O">SISIS-Ausleihzähler vorletztes Migrationsjahr: 0 | SISIS-Vormerkzähler Migrationsjahr: 0 | SISIS-vorletztes Rückgabedatum: 2020-09-09 | SISIS-Buchdaten-Aufnahmedatum: 2018-05-23</subfield>
    <subfield code="N">Fernleihkonditionen: 0 | Sigel: 743 | Klassifikation: 0 | Altersbegrenzung: 0 | SISIS-Ausleihzähler Migrationsjahr: 0 | SISIS-Ausleihzähler Vor-Migrationsjahr: 0</subfield>
    <subfield code="a">2338591810006468</subfield>
    <subfield code="c">WTA314</subfield>
    <subfield code="B">K-1800330</subfield>
    <subfield code="W">2023-07-18 15:30:05 Europe/Berlin</subfield>
    <subfield code="u">DT</subfield>
    <subfield code="w">DT</subfield>
  </datafield>
  <datafield tag="H52" ind1="8" ind2=" ">
    <subfield code="b">S0001</subfield>
    <subfield code="c">PB</subfield>
    <subfield code="8">2293751970006462</subfield>
  </datafield>
  <datafield tag="HOL" ind1=" " ind2=" ">
    <subfield code="b">2022-07-11 09:29:53</subfield>
    <subfield code="8">2293751970006462</subfield>
    <subfield code="M">49HBZ_SIE</subfield>
    <subfield code="g">false</subfield>
    <subfield code="a">import</subfield>
  </datafield>
  <datafield tag="ITM" ind1=" " ind2=" ">
    <subfield code="H">2293751970006462</subfield>
    <subfield code="x">PB</subfield>
    <subfield code="f">BOOK</subfield>
    <subfield code="v">PB</subfield>
    <subfield code="p">10</subfield>
    <subfield code="X">System</subfield>
    <subfield code="U">2018-01-18 11:59:00 Europe/Berlin</subfield>
    <subfield code="Y">2022-07-11 11:31:06 Europe/Berlin</subfield>
    <subfield code="h">false</subfield>
    <subfield code="n">53WTA3654+1</subfield>
    <subfield code="P">32///1</subfield>
    <subfield code="M">49HBZ_SIE</subfield>
    <subfield code="s">1</subfield>
    <subfield code="d">8</subfield>
    <subfield code="V">import</subfield>
    <subfield code="L">sl/gy</subfield>
    <subfield code="b">53WTA3654+1</subfield>
    <subfield code="a">2393751950006462</subfield>
    <subfield code="t">8</subfield>
    <subfield code="R">Maintenance count: 004</subfield>
    <subfield code="S">216959</subfield>
    <subfield code="B">18/290</subfield>
    <subfield code="D">20180126</subfield>
    <subfield code="W">2018-01-18 01:00:00 Europe/Berlin</subfield>
    <subfield code="u">S0001</subfield>
    <subfield code="w">S0001</subfield>
  </datafield>
  <datafield tag="ITM" ind1=" " ind2=" ">
    <subfield code="H">2293751970006462</subfield>
    <subfield code="x">PB</subfield>
    <subfield code="f">BOOK</subfield>
    <subfield code="v">PB</subfield>
    <subfield code="p">10</subfield>
    <subfield code="X">SI000001186</subfield>
    <subfield code="U">2017-02-21 11:59:00 Europe/Berlin</subfield>
    <subfield code="Y">2023-01-09 08:35:40 Europe/Berlin</subfield>
    <subfield code="h">false</subfield>
    <subfield code="n">53WTA3654</subfield>
    <subfield code="P">61///1</subfield>
    <subfield code="M">49HBZ_SIE</subfield>
    <subfield code="s">1</subfield>
    <subfield code="d">8</subfield>
    <subfield code="V">import</subfield>
    <subfield code="L">sl</subfield>
    <subfield code="b">53WTA3654</subfield>
    <subfield code="a">2393751960006462</subfield>
    <subfield code="t">8</subfield>
    <subfield code="R">Maintenance count: 007</subfield>
    <subfield code="S">210565</subfield>
    <subfield code="B">17/7768</subfield>
    <subfield code="D">20180104</subfield>
    <subfield code="W">2017-02-21 01:00:00 Europe/Berlin</subfield>
    <subfield code="u">S0001</subfield>
    <subfield code="w">S0001</subfield>
  </datafield>
</record>
